<record><leader>00000cas a22000007a 4500</leader><controlfield tag="001">18551011</controlfield><controlfield tag="008">880930d19111915idudn ne      0    0eng d</controlfield><datafield ind1=" " ind2=" " tag="010"><subfield code="a">sn 88056046 </subfield></datafield><datafield ind1=" " ind2=" " tag="040"><subfield code="a">NVB</subfield><subfield code="b">eng</subfield><subfield code="c">NVB</subfield><subfield code="d">OCLCQ</subfield></datafield><datafield ind1=" " ind2=" " tag="043"><subfield code="a">n-us-id</subfield></datafield><datafield ind1="0" ind2="4" tag="245"><subfield code="a">The Press-times.</subfield></datafield><datafield ind1=" " ind2=" " tag="260"><subfield code="a">Wallace, Idaho :</subfield><subfield code="b">Press-Times Co.</subfield></datafield><datafield ind1=" " ind2=" " tag="300"><subfield code="a">v.</subfield></datafield><datafield ind1=" " ind2=" " tag="310"><subfield code="a">Daily (except Mon.)</subfield></datafield><datafield ind1="0" ind2=" " tag="362"><subfield code="a">Vol. 17, no. 58 (June 14, 1911)-v. 21, no. 18 (May 2, 1915).</subfield></datafield><datafield ind1=" " ind2=" " tag="580"><subfield code="a">Weekly eds.: Idaho press, June 14-Nov. 23, 1911; Press-times weekly, Nov. 30, 1911-1915.</subfield></datafield><datafield ind1=" " ind2="0" tag="651"><subfield code="a">Wallace (Idaho)</subfield><subfield code="v">Newspapers.</subfield></datafield><datafield ind1=" " ind2=" " tag="752"><subfield code="a">United States</subfield><subfield code="b">Idaho</subfield><subfield code="c">Shoshone</subfield><subfield code="d">Wallace.</subfield></datafield><datafield ind1="1" ind2=" " tag="775"><subfield code="t">Idaho press</subfield><subfield code="w">(DLC)sn 86091081</subfield></datafield><datafield ind1="1" ind2=" " tag="775"><subfield code="t">Press-times weekly</subfield><subfield code="w">(DLC)sn 86091292</subfield></datafield><datafield ind1="0" ind2="0" tag="780"><subfield code="t">Daily press-times</subfield><subfield code="w">(DLC)sn 86091076</subfield></datafield><datafield ind1="0" ind2="0" tag="785"><subfield code="t">Wallace press-times</subfield><subfield code="w">(DLC)sn 88056044</subfield></datafield></record>